
@article{martinelli2015advanced,
  title={Advanced methods of plant disease detection. A review},
  author={Martinelli, Federico and Scalenghe, Riccardo and Davino, Salvatore and Panno, Stefano and Scuderi, Giuseppe and Ruisi, Paolo and Villa, Paolo and Stroppiana, Daniela and Boschetti, Mirco and Goulart, Luiz R and others},
  journal={Agronomy for Sustainable Development},
  volume={35},
  number={1},
  pages={1--25},
  year={2015},
  publisher={Springer}
}

@article{benfenati2021unsupervised,
  title={Unsupervised deep learning techniques for powdery mildew recognition based on multispectral imaging},
  author={Benfenati, Alessandro and Causin, Paola and Oberti, Roberto and Stefanello, Giovanni},
  journal={arXiv preprint arXiv:2112.11242},
  year={2021}
}

@inproceedings{saikawa2019aop,
  title={AOP: An anti-overfitting pretreatment for practical image-based plant diagnosis},
  author={Saikawa, Takumi and Cap, Quan Huu and Kagiwada, Satoshi and Uga, Hiroyuki and Iyatomi, Hitoshi},
  booktitle={2019 IEEE International Conference on Big Data (Big Data)},
  pages={5177--5182},
  year={2019},
  organization={IEEE}
}

@article{cap2020leafgan,
  title={Leafgan: An effective data augmentation method for practical plant disease diagnosis},
  author={Cap, Quan Huu and Uga, Hiroyuki and Kagiwada, Satoshi and Iyatomi, Hitoshi},
  journal={IEEE Transactions on Automation Science and Engineering},
  year={2020},
  publisher={IEEE}
}

@article{prasanna2016using,
  title={Using Deep Learning for Image-Based Plant Disease Detection},
  author={Prasanna Mohanty, Sharada and Hughes, David and Salathe, Marcel},
  journal={arXiv e-prints},
  pages={arXiv--1604},
  year={2016}
}

@article{hughes2015open,
  title={An open access repository of images on plant health to enable the development of mobile disease diagnostics},
  author={Hughes, David and Salath{\'e}, Marcel and others},
  journal={arXiv preprint arXiv:1511.08060},
  year={2015}
}

@article{sladojevic2016deep,
  title={Deep neural networks based recognition of plant diseases by leaf image classification},
  author={Sladojevic, Srdjan and Arsenovic, Marko and Anderla, Andras and Culibrk, Dubravko and Stefanovic, Darko},
  journal={Computational intelligence and neuroscience},
  volume={2016},
  year={2016},
  publisher={Hindawi}
}

@article{karthik2020attention,
  title={Attention embedded residual CNN for disease detection in tomato leaves},
  author={Karthik, R and Hariharan, M and Anand, Sundar and Mathikshara, Priyanka and Johnson, Annie and Menaka, R},
  journal={Applied Soft Computing},
  volume={86},
  pages={105933},
  year={2020},
  publisher={Elsevier}
}

@article{zhang2020deep,
  title={Deep learning-based object detection improvement for tomato disease},
  author={Zhang, Yang and Song, Chenglong and Zhang, Dongwen},
  journal={IEEE Access},
  volume={8},
  pages={56607--56614},
  year={2020},
  publisher={IEEE}
}

@article{wspanialy2020detection,
  title={A detection and severity estimation system for generic diseases of tomato greenhouse plants},
  author={Wspanialy, Patrick and Moussa, Medhat},
  journal={Computers and Electronics in Agriculture},
  volume={178},
  pages={105701},
  year={2020},
  publisher={Elsevier}
}

@inproceedings{kawasaki2015basic,
  title={Basic study of automated diagnosis of viral plant diseases using convolutional neural networks},
  author={Kawasaki, Yusuke and Uga, Hiroyuki and Kagiwada, Satoshi and Iyatomi, Hitoshi},
  booktitle={International symposium on visual computing},
  pages={638--645},
  year={2015},
  organization={Springer}
}

@article{dechant2017automated,
  title={Automated identification of northern leaf blight-infected maize plants from field imagery using deep learning},
  author={DeChant, Chad and Wiesner-Hanks, Tyr and Chen, Siyuan and Stewart, Ethan L and Yosinski, Jason and Gore, Michael A and Nelson, Rebecca J and Lipson, Hod},
  journal={Phytopathology},
  volume={107},
  number={11},
  pages={1426--1432},
  year={2017},
  publisher={Am Phytopath Society}
}

@article{YeZhonghua,
title={Research on Crop disease image Recognition with complex background}, 
author={Ye Zhonghua and Zhao Mingxia and Jia Lu}, 
journal={Transactions of the Chinese Society for Agricultural Machinery}, 
year={2021} 
}

@inproceedings{howard2019searching,
  title={Searching for mobilenetv3},
  author={Howard, Andrew and Sandler, Mark and Chu, Grace and Chen, Liang-Chieh and Chen, Bo and Tan, Mingxing and Wang, Weijun and Zhu, Yukun and Pang, Ruoming and Vasudevan, Vijay and others},
  booktitle={Proceedings of the IEEE/CVF international conference on computer vision},
  pages={1314--1324},
  year={2019}
}

@article{ishida2020we,
  title={Do we need zero training loss after achieving zero training error?},
  author={Ishida, Takashi and Yamane, Ikko and Sakai, Tomoya and Niu, Gang and Sugiyama, Masashi},
  journal={arXiv preprint arXiv:2002.08709},
  year={2020}
}

@mastersthesis{ZhouMing,
title={Research on Android Detection System of Apple Leaf Disease Based on Transfer Learning}, 
author={Zhou Minmin}, 
year={2019}, 
school={Northwest A&F University} 
}

